%% This BibTeX bibliography file was created using BibDesk.
%% http://bibdesk.sourceforge.net/

%% Created for 郑云川 at 2019-03-18 16:36:44 +0800 


%% Saved with string encoding Unicode (UTF-8) 



@inproceedings{Yu:2018:SLR:3291656.3291658,
	Acmid = {3291658},
	Address = {Piscataway, NJ, USA},
	Articleno = {1},
	Author = {Yu, Yinghao and Huang, Renfei and Wang, Wei and Zhang, Jun and Letaief, Khaled Ben},
	Booktitle = {Proceedings of the International Conference for High Performance Computing, Networking, Storage, and Analysis},
	Date-Added = {2019-03-18 16:32:54 +0800},
	Date-Modified = {2019-03-18 16:32:54 +0800},
	Location = {Dallas, Texas},
	Numpages = {13},
	Pages = {1:1--1:13},
	Publisher = {IEEE Press},
	Series = {SC '18},
	Title = {SP-cache: Load-balanced, Redundancy-free Cluster Caching with Selective Partition},
	Url = {http://dl.acm.org/citation.cfm?id=3291656.3291658},
	Year = {2018},
	Bdsk-Url-1 = {http://dl.acm.org/citation.cfm?id=3291656.3291658}}

	
@article{oussous2018big,
  title={Big Data technologies: A survey},
  author={Oussous, Ahmed and Benjelloun, Fatima-Zahra and Lahcen, Ayoub Ait and Belfkih, Samir},
  journal={Journal of King Saud University-Computer and Information Sciences},
  volume={30},
  number={4},
  pages={431--448},
  year={2018},
  publisher={Elsevier}
}

@article{botta2016integration,
  title={Integration of cloud computing and internet of things: a survey},
  author={Botta, Alessio and De Donato, Walter and Persico, Valerio and Pescap{\'e}, Antonio},
  journal={Future generation computer systems},
  volume={56},
  pages={684--700},
  year={2016},
  publisher={Elsevier}
}

@book{Zaharia:2016:AFG:3002856,
 author = {Zaharia, Matei},
 title = {An Architecture for Fast and General Data Processing on Large Clusters},
 year = {2016},
 isbn = {1970001569, 9781970001563},
 publisher = {ACM Books},
 address = {USA},
} 

@inproceedings{ananthanarayanan2012pacman,
  title={Pacman: Coordinated memory caching for parallel jobs},
  author={Ananthanarayanan, Ganesh and Ghodsi, Ali and Warfield, Andrew and Borthakur, Dhruba and Kandula, Srikanth and Shenker, Scott and Stoica, Ion},
  booktitle={Presented as part of the 9th $\{$USENIX$\}$ Symposium on Networked Systems Design and Implementation ($\{$NSDI$\}$ 12)},
  pages={267--280},
  year={2012}
}

@article{dean2008mapreduce,
  title={MapReduce: simplified data processing on large clusters},
  author={Dean, Jeffrey and Ghemawat, Sanjay},
  journal={Communications of the ACM},
  volume={51},
  number={1},
  pages={107--113},
  year={2008},
  publisher={ACM}
}

@inproceedings{malewicz2010pregel,
  title={Pregel: a system for large-scale graph processing},
  author={Malewicz, Grzegorz and Austern, Matthew H and Bik, Aart JC and Dehnert, James C and Horn, Ilan and Leiser, Naty and Czajkowski, Grzegorz},
  booktitle={Proceedings of the 2010 ACM SIGMOD International Conference on Management of data},
  pages={135--146},
  year={2010},
  organization={ACM}
}

@inproceedings{li2014tachyon,
  title={Tachyon: Reliable, memory speed storage for cluster computing frameworks},
  author={Li, Haoyuan and Ghodsi, Ali and Zaharia, Matei and Shenker, Scott and Stoica, Ion},
  booktitle={Proceedings of the ACM Symposium on Cloud Computing},
  pages={1--15},
  year={2014},
  organization={ACM}
}

@inproceedings{rashmi2016ec,
  title={EC-Cache: Load-balanced, low-latency cluster caching with online erasure coding},
  author={Rashmi, KV and Chowdhury, Mosharaf and Kosaian, Jack and Stoica, Ion and Ramchandran, Kannan},
  booktitle={12th $\{$USENIX$\}$ Symposium on Operating Systems Design and Implementation ($\{$OSDI$\}$ 16)},
  pages={401--417},
  year={2016}
}

@inproceedings{ananthanarayanan2011scarlett,
  title={Scarlett: coping with skewed content popularity in mapreduce clusters},
  author={Ananthanarayanan, Ganesh and Agarwal, Sameer and Kandula, Srikanth and Greenberg, Albert and Stoica, Ion and Harlan, Duke and Harris, Ed},
  booktitle={Proceedings of the sixth conference on Computer systems},
  pages={287--300},
  year={2011},
  organization={ACM}
}

@misc{parquet,
title = {apache parquet},
year={2019},
howpublished = {\url{https://parquet.apache.org/}}
}

@misc{presto,
title = {Presto},
howpublished = {\url{https://prestodb.github.io/}}
}

@inproceedings{power2010piccolo,
  title={Piccolo: Building Fast, Distributed Programs with Partitioned Tables.},
  author={Power, Russell and Li, Jinyang},
  booktitle={OSDI},
  volume={10},
  pages={1--14},
  year={2010}
}

@misc{memcached,
title = {Memcached},
howpublished = {\url{https://memcached.org/}}
}

@misc{memsql,
title = {Memsql},
howpublished = {\url{https://www.memsql.com/}}
}

@inproceedings{singh2015jupiter,
	Author = {Singh, Arjun and Ong, Joon and Agarwal, Amit and Anderson, Glen and Armistead, Ashby and Bannon, Roy and Boving, Seb and Desai, Gaurav and Felderman, Bob and Germano, Paulie and others},
	Booktitle = {Proc. ACM SIGCOMM},
	Date-Added = {2018-01-25 11:03:14 +0000},
	Date-Modified = {2018-03-29 10:17:18 +0000},
	Title = {Jupiter rising: A decade of clos topologies and centralized control in {Google's} datacenter network},
	Year = {2015}}

@misc{huawei_nuwa,
	Author = {Huawei},
	Howpublished = {\url{https://www.youtube.com/watch?v=OsmZBRB_OSw}},
	Title = {{NUWA}}}

@inproceedings{asanovic2014firebox,
	Author = {Asanovic, Krste and Patterson, David},
	Booktitle = {USENIX FAST},
	Title = {{FireBox}: A hardware building block for 2020 warehouse-scale computers},
	Year = {2014}}

@article{alistarh15a,
	Address = {New York, NY, USA},
	Author = {Alistarh, Dan and Ballani, Hitesh and Costa, Paolo and Funnell, Adam and Benjamin, Joshua and Watts, Philip and Thomsen, Benn},
	Issue_Date = {October 2015},
	Journal = {SIGCOMM Comput. Commun. Rev.},
	Keywords = {TDMA, WDM, optical switching},
	Number = {4},
	Numpages = {2},
	Pages = {367--368},
	Publisher = {ACM},
	Title = {A High-Radix, Low-Latency Optical Switch for Data Centers},
	Volume = {45},
	Year = {2015}}

@misc{latency_trends,
	Author = {Scott, Collin},
	Howpublished = {\url{http://colin-scott.github.io/blog/2012/12/24/latency-trends/}},
	Title = {Latency trends}}

@misc{p802_3ba,
	Author = {IEEE},
	Howpublished = {\url{http://www.ieee802.org/3/ba/}},
	Title = {IEEE P802.3ba 40 Gbps and 100 Gbps Ethernet Task Force}}

@conference{Han13a,
	Author = {Han, Sangjin and Egi, Norbert and Panda, Aurojit and Ratnasamy, Sylvia and Shi, Guangyu and Shenker, Scott},
	Booktitle = {ACM HotNets},
	Date-Added = {2018-03-15 13:25:47 +0000},
	Date-Modified = {2018-03-15 13:26:09 +0000},
	Title = {Network support for resource disaggregation in next-generation datacenters},
	Year = {2013}}

@inproceedings{Gao16a,
	Author = {Gao, Peter Xiang and Narayan, Akshay and Karandikar, Sagar and Carreira, Joao and Han, Sangjin and Agarwal, Rachit and Ratnasamy, Sylvia and Shenker, Scott},
	Booktitle = {Proc. USENIX OSDI},
	Date-Added = {2018-03-15 13:26:20 +0000},
	Date-Modified = {2018-03-26 16:11:00 +0000},
	Title = {Network Requirements for Resource Disaggregation},
	Year = {2016}}

@conference{Ananthanarayanan11a,
	Author = {Ananthanarayanan, Ganesh and Ghodsi, Ali and Shenker, Scott and Stoica, Ion},
	Booktitle = {ACM HotOS},
	Date-Added = {2018-03-16 12:16:53 +0000},
	Date-Modified = {2018-03-16 12:17:10 +0000},
	Title = {Disk-Locality in Datacenter Computing Considered Irrelevant},
	Year = {2011}}

@inproceedings{Jonas17a,
	Author = {Jonas, Eric and Venkataraman, Shivaram and Stoica, Ion and Recht, Benjamin},
	Booktitle = {Proc. ACM SoCC},
	Date-Added = {2018-03-16 12:15:50 +0000},
	Date-Modified = {2018-03-26 16:10:00 +0000},
	Title = {Occupy the Cloud: Distributed computing for the 99\%},
	Year = {2017}}

@misc{amazons3,
title = {Amazon S3},
howpublished = {\url{https://aws.amazon.com/s3}}
}

@misc{azure_storage,
title = {Windows Azure Storage},
howpublished = {\url{https://goo.gl/RqVNmB}}
}

@misc{swift,
title = {OpenStack Swift},
howpublished = {\url{https://www.swiftstack.com}}
}

@inproceedings{shvachko2010hadoop,
	Author = {Shvachko, Konstantin and Kuang, Hairong and Radia, Sanjay and Chansler, Robert},
	Booktitle = {Proc. IEEE Symp. Mass Storage Syst. and Technologies, 2010},
	Date-Added = {2016-11-05 07:25:48 +0000},
	Date-Modified = {2018-03-29 10:16:54 +0000},
	Title = {The {Hadoop} distributed file system},
	Year = {2010}}

@misc{alluxio,
title = {Alluxio},
howpublished = {\url{http://www.alluxio.org/}}
}

@misc{redis,
title = {Redis},
howpublished = {\url{https://redis.io/}}
}

@misc{yahoo!_trace,
title = {Yahoo! Webscope Dataset},
howpublished = {\url{https://goo.gl/6CZZCF}}
}

@conference{Kandula09a,
	Author = {Kandula, Srikanth and Sengupta, Sudipta and Greenberg, Albert and Patel, Parveen and Chaiken, Ronnie},
	Booktitle = {Proc. ACM IMC},
	Date-Added = {2018-03-17 15:34:49 +0000},
	Date-Modified = {2018-03-29 10:18:25 +0000},
	Title = {The nature of data center traffic: measurements \& analysis},
	Year = {2009}}

@inproceedings{Chowdhury13a,
	Author = {Chowdhury, Mosharaf and Kandula, Srikanth and Stoica, Ion},
	Booktitle = {Proc. ACM SIGCOMM},
	Date-Added = {2018-03-17 15:34:00 +0000},
	Date-Modified = {2018-03-26 16:11:21 +0000},
	Title = {Leveraging endpoint flexibility in data-intensive clusters},
	Year = {2013}}

@inproceedings{Greenberg09a,
	Author = {Greenberg, Albert and Hamilton, James R and Jain, Navendu and Kandula, Srikanth and Kim, Changhoon and Lahiri, Parantap and Maltz, David A and Patel, Parveen and Sengupta, Sudipta},
	Booktitle = {Proc. ACM SIGCOMM},
	Date-Added = {2018-03-17 15:32:31 +0000},
	Date-Modified = {2018-03-26 16:09:16 +0000},
	Title = {{VL2}: a scalable and flexible data center network},
	Year = {2009}}

@inproceedings{hong2013understanding,
	Author = {Hong, Yu-Ju and Thottethodi, Mithuna},
	Booktitle = {Proc. ACM SoCC},
	Date-Added = {2018-01-26 09:37:23 +0000},
	Date-Modified = {2018-03-26 16:09:10 +0000},
	Title = {Understanding and mitigating the impact of load imbalance in the memory caching tier},
	Year = {2013}}

@inproceedings{huang2014characterizing,
	Author = {Huang, Qi and Gudmundsdottir, Helga and Vigfusson, Ymir and Freedman, Daniel A and Birman, Ken and van Renesse, Robbert},
	Booktitle = {ACM HotNets},
	Title = {Characterizing load imbalance in real-world networked caches},
	Year = {2014}}

@inproceedings{huang2012erasure,
	Author = {Huang, Cheng and Simitci, Huseyin and Xu, Yikang and Ogus, Aaron and Calder, Brad and Gopalan, Parikshit and Li, Jin and Yekhanin, Sergey and others},
	Booktitle = {Proc. USENIX ATC},
	Date-Added = {2018-01-26 12:45:01 +0000},
	Date-Modified = {2018-03-29 10:18:58 +0000},
	Title = {Erasure Coding in Windows Azure Storage.},
	Year = {2012}}

@inproceedings{sathiamoorthy2013xoring,
	Author = {Sathiamoorthy, Maheswaran and Asteris, Megasthenis and Papailiopoulos, Dimitris and Dimakis, Alexandros G and Vadali, Ramkumar and Chen, Scott and Borthakur, Dhruba},
	Booktitle = {Proc. VLDB Endowment},
	Date-Added = {2018-01-26 12:43:57 +0000},
	Date-Modified = {2018-03-26 16:11:55 +0000},
	Number = {5},
	Pages = {325--336},
	Title = {Xoring elephants: Novel erasure codes for big data},
	Volume = {6},
	Year = {2013}}

@inproceedings{armbrust2015spark,
  title={Spark sql: Relational data processing in spark},
  author={Armbrust, Michael and Xin, Reynold S and Lian, Cheng and Huai, Yin and Liu, Davies and Bradley, Joseph K and Meng, Xiangrui and Kaftan, Tomer and Franklin, Michael J and Ghodsi, Ali and others},
  booktitle={Proceedings of the 2015 ACM SIGMOD international conference on management of data},
  pages={1383--1394},
  year={2015},
  organization={ACM}
}

@inproceedings{51,
title	= {The Google File System},
author	= {Sanjay Ghemawat and Howard Gobioff and Shun-Tak Leung},
year	= {2003},
booktitle	= {Proceedings of the 19th ACM Symposium on Operating  Systems Principles},
pages	= {20--43},
address	= {Bolton Landing, NY}
}

@misc{hdfs,
title = {Apache Hadoop},
howpublished = {\url{https://hadoop.apache.org/}}
}

@misc{spark-sql,
title = {Apache Spark SQL},
howpublished = {\url{https://spark.apache.org/sql/}}
}